<?xml version="1.0" encoding="UTF-8"?><collection xmlns="http://www.loc.gov/MARC21/slim"><record><leader>00388nam--2200133-i-4500</leader><controlfield tag="001">000034362</controlfield><controlfield tag="002">20161230</controlfield><controlfield tag="005">20161230201040</controlfield><controlfield tag="008">060222s1000------------r-----000-0-eng-d</controlfield><datafield ind1=" " ind2=" " tag="080"><subfield code="a">678.84</subfield></datafield><datafield ind1=" " ind2=" " tag="100"><subfield code="a">Noll, Walter</subfield></datafield><datafield ind1=" " ind2=" " tag="245"><subfield code="a">Chimia si tehnologia siliconilor. trad.din l.germana dupa editia a doua prelucrata si imbunatatita</subfield></datafield><datafield ind1=" " ind2=" " tag="260"><subfield code="a">Bucuresti, Ed.Tehnica, 1969, 558p</subfield></datafield><datafield ind1=" " ind2=" " tag="852"><subfield code="a">30454</subfield></datafield></record></collection>